@misc{cancerstats,
  author = {International Agency for Research on Cancer},
  title  = {Rectum-fact-sheet},
  url    = {https://gco.iarc.fr/today/data/factsheets/cancers/9-Rectum-fact-sheet.pdf},
  year   = {2020}
}
@phdthesis{tesicoppola,
  author = {Jia Cheng Yuan},
  title  = {Analisi radiomica per predire la risposta alla chemio-radioterapia neoadiuvante nel carcinoma del colon retto},
  school = {Alma Mater Studiorum Universit\`a di Bologna},
  type   = {Tesi di laurea},
  year   = {2019/2020}
}
@phdthesis{jovana,
  author = {Jovana Panic},
  title  = {Colorectal cancer segmentation on MRI images using Convolutional Neural Networks},
  school = {Politecnico di torino},
  type   = {Tesi di Laurea Magistrale},
  year   = {2018/2019}
}
@article{stats2019,
  author  = {Siegel RL, Miller KD, Jemal A},
  title   = {Cancer statistics, 2019},
  journal = {CA Cancer J Clin},
  volume  = {69(1)},
  number  = {7-34},
  year    = {2019}
}

@article{Trebeschi2017,
  author     = {Trebeschi et al.},
  title      = {Deep Learning for Fully-Automated Localization and Segmentation of Rectal Cancer on Multiparametric MR},
  doi        = {10.1038/s41598-017-05728-9},
  isbn       = {2045-2322},
  journal    = {Scientific Reports},
  number     = {1},
  pages      = {5301},
  ty         = {JOUR},
  url        = {https://doi.org/10.1038/s41598-017-05728-9},
  volume     = {7},
  year       = {2017},
  bdsk-url-1 = {https://doi.org/10.1038/s41598-017-05728-9}
}
@article{panic,
  author  = {Jovana Panic at al.},
  title   = {A Convolutional Neural Network based system for Colorectal cancer segmentation on MRI images},
  doi     = {10.1109/EMBC44109.2020.9175804},
  journal = {Annu Int Conf IEEE Eng Med Biol Soc},
  year    = {2020}
}

@article{Huang_2020,
  title     = {3-D RoI-Aware U-Net for Accurate and Efficient Colorectal Tumor Segmentation},
  issn      = {2168-2275},
  url       = {http://dx.doi.org/10.1109/TCYB.2020.2980145},
  doi       = {10.1109/tcyb.2020.2980145},
  journal   = {IEEE Transactions on Cybernetics},
  publisher = {Institute of Electrical and Electronics Engineers (IEEE)},
  author    = {Huang, Yi-Jie and Dou, Qi and Wang, Zi-Xian and Liu, Li-Zhi and Jin, Ying and Li, Chao-Feng and Wang, Lisheng and Chen, Hao and Xu, Rui-Hua},
  year      = {2020},
  pages     = {1–12}
}

@mastersthesis{Biondi,
  author  = {Riccardo Biondi},
  title   = {Implementation of an Authomated Pipeline for the Identification of Ground Glass Opacities in Chest CT Scans of Patient Affected by COVID-19},
  school  = {Alma Mater Studiorum - Università di Bologna, School of Science},
  year    = 2020,
  address = {riccardo.biondi7@unibo.it},
  month   = 12
}
@misc{wiki:Radiomics,
  author = {},
  title  = {Radiomics},
  url    = {https://en.wikipedia.org/wiki/Radiomics},
  year   = {}
}
@inproceedings{Haraliks,
  author    = {Soomro, Mumtaz Hussain and Giunta, Gaetano and Laghi, Andrea and Caruso, Damiano and Ciolina, Maria and De Marchis, Cristiano and Conforto, Silvia and Schmid, Maurizio},
  booktitle = {2017 13th IASTED International Conference on Biomedical Engineering (BioMed)},
  title     = {Haralick's texture analysis applied to colorectal T2-weighted MRI: A preliminary study of significance for cancer evolution},
  year      = {2017},
  volume    = {},
  number    = {},
  pages     = {16-19},
  doi       = {10.2316/P.2017.852-019}
}

@article{featurescluster,
  author  = {Parmar, Chintan and Leijenaar, Ralph T. H. and Grossmann, Patrick and Rios Velazquez, Emmanuel and Bussink, Johan and Rietveld, Derek and Rietbergen, Michelle M. and Haibe-Kains, Benjamin and Lambin, Philippe and Aerts, Hugo J. W. L.},
  journal = {Scientific Reports},
  number  = {1},
  pages   = {11044},
  title   = {Radiomic feature clusters and Prognostic Signatures specific for Lung and Head \& Neck cancer},
  volume  = {5},
  year    = {2015},
  doi     = {10.1038/srep11044}
}
